

% ADD NEW BIBS HERE ...

@InProceedings{leapio.asplos20,
    author = {Li, Huaicheng and Hao, Mingzhe and Novakovic, Stanko and Gogte, Vaibhav and Govindan, Sriram and Ports, Dan and Zhang, Irene and Bianchini, Ricardo and Gunawi, Haryadi S. and Badam, Anirudh},
    title = {LeapIO: Efficient and Portable Virtual NVMe Storage on ARM SoCs},
    booktitle = {Proceedings on the International Conference on Architectural Support for Programming Languages and Operating Systems (ASPLOS)},
    year = {2020},
    month = {March},
    url = {https://dl.acm.org/doi/10.1145/3373376.3378531},
}

